<?xml version="1.0" encoding="UTF-8"?><record xmlns="http://www.loc.gov/MARC21/slim" xmlns:cinclude="http://apache.org/cocoon/include/1.0" xmlns:zs="http://www.loc.gov/zing/srw/">
  <leader>00407nz  a2200133n  4500</leader>
  <controlfield tag="001">no 96062892 </controlfield>
  <controlfield tag="003">DLC</controlfield>
  <controlfield tag="005">19961127053956.5</controlfield>
  <controlfield tag="008">961126n| acannaab|          |n aaa     c</controlfield>
  <datafield tag="010" ind1=" " ind2=" ">
    <subfield code="a">no 96062892 </subfield>
  </datafield>
  <datafield tag="035" ind1=" " ind2=" ">
    <subfield code="a">(OCoLC)oca04217764 </subfield>
  </datafield>
  <datafield tag="040" ind1=" " ind2=" ">
    <subfield code="a">TxDa</subfield>
    <subfield code="c">TxDa</subfield>
  </datafield>
  <datafield tag="100" ind1="1" ind2="0">
    <subfield code="a">Rutten, Tim</subfield>
  </datafield>
  <datafield tag="670" ind1=" " ind2=" ">
    <subfield code="a">Cochran, J.L. Journey to justice, 1996:</subfield>
    <subfield code="b">t.p. (with Tim Rutten) bk. jkt. (Tim Rutten; reporter for the Los Angeles Times)</subfield>
  </datafield>
</record>